%YAML 1.1
%TAG !u! tag:unity3d.com,2011:
--- !u!1 &1683797084740665718
GameObject:
  m_ObjectHideFlags: 0
  m_CorrespondingSourceObject: {fileID: 0}
  m_PrefabInstance: {fileID: 0}
  m_PrefabAsset: {fileID: 0}
  serializedVersion: 6
  m_Component:
  - component: {fileID: 1683797084740665719}
  - component: {fileID: 1683797084740665714}
  - component: {fileID: 1683797084740665717}
  - component: {fileID: 1683797084740665716}
  m_Layer: 0
  m_Name: Cube (17)
  m_TagString: Untagged
  m_Icon: {fileID: 0}
  m_NavMeshLayer: 0
  m_StaticEditorFlags: 0
  m_IsActive: 1
--- !u!4 &1683797084740665719
Transform:
  m_ObjectHideFlags: 0
  m_CorrespondingSourceObject: {fileID: 0}
  m_PrefabInstance: {fileID: 0}
  m_PrefabAsset: {fileID: 0}
  m_GameObject: {fileID: 1683797084740665718}
  m_LocalRotation: {x: 0.11404644, y: -0, z: -0, w: 0.99347544}
  m_LocalPosition: {x: 6.90831, y: 6.01256, z: 1.9802246}
  m_LocalScale: {x: 2.3263495, y: 3.8944745, z: 0.61675555}
  m_Children: []
  m_Father: {fileID: 1683797084805931509}
  m_RootOrder: 6
  m_LocalEulerAnglesHint: {x: 13.097001, y: 0, z: 0}
--- !u!33 &1683797084740665714
MeshFilter:
  m_ObjectHideFlags: 0
  m_CorrespondingSourceObject: {fileID: 0}
  m_PrefabInstance: {fileID: 0}
  m_PrefabAsset: {fileID: 0}
  m_GameObject: {fileID: 1683797084740665718}
  m_Mesh: {fileID: 10202, guid: 0000000000000000e000000000000000, type: 0}
--- !u!23 &1683797084740665717
MeshRenderer:
  m_ObjectHideFlags: 0
  m_CorrespondingSourceObject: {fileID: 0}
  m_PrefabInstance: {fileID: 0}
  m_PrefabAsset: {fileID: 0}
  m_GameObject: {fileID: 1683797084740665718}
  m_Enabled: 1
  m_CastShadows: 1
  m_ReceiveShadows: 1
  m_DynamicOccludee: 1
  m_MotionVectors: 1
  m_LightProbeUsage: 1
  m_ReflectionProbeUsage: 1
  m_RenderingLayerMask: 1
  m_RendererPriority: 0
  m_Materials:
  - {fileID: 2100000, guid: 777e05340a3ee3b43bb0deaaa19432fd, type: 2}
  m_StaticBatchInfo:
    firstSubMesh: 0
    subMeshCount: 0
  m_StaticBatchRoot: {fileID: 0}
  m_ProbeAnchor: {fileID: 0}
  m_LightProbeVolumeOverride: {fileID: 0}
  m_ScaleInLightmap: 1
  m_PreserveUVs: 0
  m_IgnoreNormalsForChartDetection: 0
  m_ImportantGI: 0
  m_StitchLightmapSeams: 1
  m_SelectedEditorRenderState: 3
  m_MinimumChartSize: 4
  m_AutoUVMaxDistance: 0.5
  m_AutoUVMaxAngle: 89
  m_LightmapParameters: {fileID: 0}
  m_SortingLayerID: 0
  m_SortingLayer: 0
  m_SortingOrder: 0
--- !u!65 &1683797084740665716
BoxCollider:
  m_ObjectHideFlags: 0
  m_CorrespondingSourceObject: {fileID: 0}
  m_PrefabInstance: {fileID: 0}
  m_PrefabAsset: {fileID: 0}
  m_GameObject: {fileID: 1683797084740665718}
  m_Material: {fileID: 0}
  m_IsTrigger: 0
  m_Enabled: 1
  serializedVersion: 2
  m_Size: {x: 1, y: 1, z: 1}
  m_Center: {x: 0, y: 0, z: 0}
--- !u!1 &1683797084805931508
GameObject:
  m_ObjectHideFlags: 0
  m_CorrespondingSourceObject: {fileID: 0}
  m_PrefabInstance: {fileID: 0}
  m_PrefabAsset: {fileID: 0}
  serializedVersion: 6
  m_Component:
  - component: {fileID: 1683797084805931509}
  - component: {fileID: 7562241375800824479}
  - component: {fileID: 6628805429659679049}
  - component: {fileID: 2162183604120884284}
  - component: {fileID: 4510948734485631101}
  m_Layer: 0
  m_Name: Enemy Soldier (5)
  m_TagString: EnemyTeam
  m_Icon: {fileID: 0}
  m_NavMeshLayer: 0
  m_StaticEditorFlags: 0
  m_IsActive: 1
--- !u!4 &1683797084805931509
Transform:
  m_ObjectHideFlags: 0
  m_CorrespondingSourceObject: {fileID: 0}
  m_PrefabInstance: {fileID: 0}
  m_PrefabAsset: {fileID: 0}
  m_GameObject: {fileID: 1683797084805931508}
  m_LocalRotation: {x: 0.014450786, y: 0.99989563, z: 0.00013087653, w: -0.0000018914662}
  m_LocalPosition: {x: 15.402309, y: -10.4067, z: 16.260406}
  m_LocalScale: {x: 1, y: 1, z: 1}
  m_Children:
  - {fileID: 1683797085718660293}
  - {fileID: 1683797086156473248}
  - {fileID: 1683797086276649307}
  - {fileID: 1683797086784283079}
  - {fileID: 1683797084894839754}
  - {fileID: 1683797085866488994}
  - {fileID: 1683797084740665719}
  - {fileID: 8473436197731794700}
  - {fileID: 7885610121983322780}
  m_Father: {fileID: 0}
  m_RootOrder: 0
  m_LocalEulerAnglesHint: {x: -0.015000001, y: 180, z: 1.6560001}
--- !u!54 &7562241375800824479
Rigidbody:
  m_ObjectHideFlags: 0
  m_CorrespondingSourceObject: {fileID: 0}
  m_PrefabInstance: {fileID: 0}
  m_PrefabAsset: {fileID: 0}
  m_GameObject: {fileID: 1683797084805931508}
  serializedVersion: 2
  m_Mass: 1
  m_Drag: 0
  m_AngularDrag: 0.05
  m_UseGravity: 0
  m_IsKinematic: 1
  m_Interpolate: 0
  m_Constraints: 0
  m_CollisionDetection: 0
--- !u!65 &6628805429659679049
BoxCollider:
  m_ObjectHideFlags: 0
  m_CorrespondingSourceObject: {fileID: 0}
  m_PrefabInstance: {fileID: 0}
  m_PrefabAsset: {fileID: 0}
  m_GameObject: {fileID: 1683797084805931508}
  m_Material: {fileID: 0}
  m_IsTrigger: 1
  m_Enabled: 1
  serializedVersion: 2
  m_Size: {x: 5.2474976, y: 12.003478, z: 3.248703}
  m_Center: {x: 5.5693054, y: 3.7360015, z: -1.1243515}
--- !u!114 &2162183604120884284
MonoBehaviour:
  m_ObjectHideFlags: 0
  m_CorrespondingSourceObject: {fileID: 0}
  m_PrefabInstance: {fileID: 0}
  m_PrefabAsset: {fileID: 0}
  m_GameObject: {fileID: 1683797084805931508}
  m_Enabled: 1
  m_EditorHideFlags: 0
  m_Script: {fileID: 11500000, guid: 6b18a2fea1c2e3047a4fa2521e75b8c3, type: 3}
  m_Name: 
  m_EditorClassIdentifier: 
  HealthBar: {fileID: 8473436197731794701}
  playerdamage: 10
  MagicAbility:
  - {fileID: 11400000, guid: 74f1b9b1e7ce2c04992fa17d8dc0e01b, type: 2}
  - {fileID: 11400000, guid: af560f0dfdf261d4daf6cc7dbb29edaf, type: 2}
  - {fileID: 11400000, guid: 61e574f0b9446f54285d9235eda0a109, type: 2}
--- !u!95 &4510948734485631101
Animator:
  serializedVersion: 3
  m_ObjectHideFlags: 0
  m_CorrespondingSourceObject: {fileID: 0}
  m_PrefabInstance: {fileID: 0}
  m_PrefabAsset: {fileID: 0}
  m_GameObject: {fileID: 1683797084805931508}
  m_Enabled: 1
  m_Avatar: {fileID: 0}
  m_Controller: {fileID: 9100000, guid: 6d363197b196f2644b4e4972fa401a57, type: 2}
  m_CullingMode: 0
  m_UpdateMode: 0
  m_ApplyRootMotion: 0
  m_LinearVelocityBlending: 0
  m_WarningMessage: 
  m_HasTransformHierarchy: 1
  m_AllowConstantClipSamplingOptimization: 1
  m_KeepAnimatorControllerStateOnDisable: 0
--- !u!1 &1683797084894839757
GameObject:
  m_ObjectHideFlags: 0
  m_CorrespondingSourceObject: {fileID: 0}
  m_PrefabInstance: {fileID: 0}
  m_PrefabAsset: {fileID: 0}
  serializedVersion: 6
  m_Component:
  - component: {fileID: 1683797084894839754}
  - component: {fileID: 1683797084894839753}
  - component: {fileID: 1683797084894839752}
  - component: {fileID: 1683797084894839755}
  m_Layer: 0
  m_Name: Cube (14)
  m_TagString: Untagged
  m_Icon: {fileID: 0}
  m_NavMeshLayer: 0
  m_StaticEditorFlags: 0
  m_IsActive: 1
--- !u!4 &1683797084894839754
Transform:
  m_ObjectHideFlags: 0
  m_CorrespondingSourceObject: {fileID: 0}
  m_PrefabInstance: {fileID: 0}
  m_PrefabAsset: {fileID: 0}
  m_GameObject: {fileID: 1683797084894839757}
  m_LocalRotation: {x: -0, y: -0, z: -0.70257956, w: 0.71160525}
  m_LocalPosition: {x: 5.328308, y: 8.49256, z: -1.379776}
  m_LocalScale: {x: 1.7176224, y: 1.6706262, z: 2.2128465}
  m_Children: []
  m_Father: {fileID: 1683797084805931509}
  m_RootOrder: 4
  m_LocalEulerAnglesHint: {x: 0, y: 0, z: -89.269005}
--- !u!33 &1683797084894839753
MeshFilter:
  m_ObjectHideFlags: 0
  m_CorrespondingSourceObject: {fileID: 0}
  m_PrefabInstance: {fileID: 0}
  m_PrefabAsset: {fileID: 0}
  m_GameObject: {fileID: 1683797084894839757}
  m_Mesh: {fileID: 10202, guid: 0000000000000000e000000000000000, type: 0}
--- !u!23 &1683797084894839752
MeshRenderer:
  m_ObjectHideFlags: 0
  m_CorrespondingSourceObject: {fileID: 0}
  m_PrefabInstance: {fileID: 0}
  m_PrefabAsset: {fileID: 0}
  m_GameObject: {fileID: 1683797084894839757}
  m_Enabled: 1
  m_CastShadows: 1
  m_ReceiveShadows: 1
  m_DynamicOccludee: 1
  m_MotionVectors: 1
  m_LightProbeUsage: 1
  m_ReflectionProbeUsage: 1
  m_RenderingLayerMask: 1
  m_RendererPriority: 0
  m_Materials:
  - {fileID: 2100000, guid: 777e05340a3ee3b43bb0deaaa19432fd, type: 2}
  m_StaticBatchInfo:
    firstSubMesh: 0
    subMeshCount: 0
  m_StaticBatchRoot: {fileID: 0}
  m_ProbeAnchor: {fileID: 0}
  m_LightProbeVolumeOverride: {fileID: 0}
  m_ScaleInLightmap: 1
  m_PreserveUVs: 0
  m_IgnoreNormalsForChartDetection: 0
  m_ImportantGI: 0
  m_StitchLightmapSeams: 1
  m_SelectedEditorRenderState: 3
  m_MinimumChartSize: 4
  m_AutoUVMaxDistance: 0.5
  m_AutoUVMaxAngle: 89
  m_LightmapParameters: {fileID: 0}
  m_SortingLayerID: 0
  m_SortingLayer: 0
  m_SortingOrder: 0
--- !u!65 &1683797084894839755
BoxCollider:
  m_ObjectHideFlags: 0
  m_CorrespondingSourceObject: {fileID: 0}
  m_PrefabInstance: {fileID: 0}
  m_PrefabAsset: {fileID: 0}
  m_GameObject: {fileID: 1683797084894839757}
  m_Material: {fileID: 0}
  m_IsTrigger: 0
  m_Enabled: 1
  serializedVersion: 2
  m_Size: {x: 1, y: 1, z: 1}
  m_Center: {x: 0, y: 0, z: 0}
--- !u!1 &1683797085718660292
GameObject:
  m_ObjectHideFlags: 0
  m_CorrespondingSourceObject: {fileID: 0}
  m_PrefabInstance: {fileID: 0}
  m_PrefabAsset: {fileID: 0}
  serializedVersion: 6
  m_Component:
  - component: {fileID: 1683797085718660293}
  - component: {fileID: 1683797085718660288}
  - component: {fileID: 1683797085718660291}
  - component: {fileID: 1683797085718660290}
  m_Layer: 0
  m_Name: Cube (9)
  m_TagString: Untagged
  m_Icon: {fileID: 0}
  m_NavMeshLayer: 0
  m_StaticEditorFlags: 0
  m_IsActive: 1
--- !u!4 &1683797085718660293
Transform:
  m_ObjectHideFlags: 0
  m_CorrespondingSourceObject: {fileID: 0}
  m_PrefabInstance: {fileID: 0}
  m_PrefabAsset: {fileID: 0}
  m_GameObject: {fileID: 1683797085718660292}
  m_LocalRotation: {x: -0, y: -0, z: -0, w: 1}
  m_LocalPosition: {x: 4.2700577, y: 1.352561, z: -1.3430634}
  m_LocalScale: {x: 0.99115, y: 5, z: 1.2947438}
  m_Children: []
  m_Father: {fileID: 1683797084805931509}
  m_RootOrder: 0
  m_LocalEulerAnglesHint: {x: 0, y: 0, z: 0}
--- !u!33 &1683797085718660288
MeshFilter:
  m_ObjectHideFlags: 0
  m_CorrespondingSourceObject: {fileID: 0}
  m_PrefabInstance: {fileID: 0}
  m_PrefabAsset: {fileID: 0}
  m_GameObject: {fileID: 1683797085718660292}
  m_Mesh: {fileID: 10202, guid: 0000000000000000e000000000000000, type: 0}
--- !u!23 &1683797085718660291
MeshRenderer:
  m_ObjectHideFlags: 0
  m_CorrespondingSourceObject: {fileID: 0}
  m_PrefabInstance: {fileID: 0}
  m_PrefabAsset: {fileID: 0}
  m_GameObject: {fileID: 1683797085718660292}
  m_Enabled: 1
  m_CastShadows: 1
  m_ReceiveShadows: 1
  m_DynamicOccludee: 1
  m_MotionVectors: 1
  m_LightProbeUsage: 1
  m_ReflectionProbeUsage: 1
  m_RenderingLayerMask: 1
  m_RendererPriority: 0
  m_Materials:
  - {fileID: 2100000, guid: 777e05340a3ee3b43bb0deaaa19432fd, type: 2}
  m_StaticBatchInfo:
    firstSubMesh: 0
    subMeshCount: 0
  m_StaticBatchRoot: {fileID: 0}
  m_ProbeAnchor: {fileID: 0}
  m_LightProbeVolumeOverride: {fileID: 0}
  m_ScaleInLightmap: 1
  m_PreserveUVs: 0
  m_IgnoreNormalsForChartDetection: 0
  m_ImportantGI: 0
  m_StitchLightmapSeams: 1
  m_SelectedEditorRenderState: 3
  m_MinimumChartSize: 4
  m_AutoUVMaxDistance: 0.5
  m_AutoUVMaxAngle: 89
  m_LightmapParameters: {fileID: 0}
  m_SortingLayerID: 0
  m_SortingLayer: 0
  m_SortingOrder: 0
--- !u!65 &1683797085718660290
BoxCollider:
  m_ObjectHideFlags: 0
  m_CorrespondingSourceObject: {fileID: 0}
  m_PrefabInstance: {fileID: 0}
  m_PrefabAsset: {fileID: 0}
  m_GameObject: {fileID: 1683797085718660292}
  m_Material: {fileID: 0}
  m_IsTrigger: 0
  m_Enabled: 1
  serializedVersion: 2
  m_Size: {x: 1, y: 1, z: 1}
  m_Center: {x: 0, y: 0, z: 0}
--- !u!1 &1683797085866488997
GameObject:
  m_ObjectHideFlags: 0
  m_CorrespondingSourceObject: {fileID: 0}
  m_PrefabInstance: {fileID: 0}
  m_PrefabAsset: {fileID: 0}
  serializedVersion: 6
  m_Component:
  - component: {fileID: 1683797085866488994}
  - component: {fileID: 1683797085866488993}
  - component: {fileID: 1683797085866488992}
  - component: {fileID: 1683797085866488995}
  m_Layer: 0
  m_Name: Cube (13)
  m_TagString: Untagged
  m_Icon: {fileID: 0}
  m_NavMeshLayer: 0
  m_StaticEditorFlags: 0
  m_IsActive: 1
--- !u!4 &1683797085866488994
Transform:
  m_ObjectHideFlags: 0
  m_CorrespondingSourceObject: {fileID: 0}
  m_PrefabInstance: {fileID: 0}
  m_PrefabAsset: {fileID: 0}
  m_GameObject: {fileID: 1683797085866488997}
  m_LocalRotation: {x: 0.54507107, y: 0.45044145, z: 0.54507107, w: 0.45044145}
  m_LocalPosition: {x: 7.2283096, y: 6.4225607, z: 0.10021973}
  m_LocalScale: {x: 0.73357975, y: 3.5990496, z: 0.58650714}
  m_Children: []
  m_Father: {fileID: 1683797084805931509}
  m_RootOrder: 5
  m_LocalEulerAnglesHint: {x: 0, y: 90, z: 100.86001}
--- !u!33 &1683797085866488993
MeshFilter:
  m_ObjectHideFlags: 0
  m_CorrespondingSourceObject: {fileID: 0}
  m_PrefabInstance: {fileID: 0}
  m_PrefabAsset: {fileID: 0}
  m_GameObject: {fileID: 1683797085866488997}
  m_Mesh: {fileID: 10202, guid: 0000000000000000e000000000000000, type: 0}
--- !u!23 &1683797085866488992
MeshRenderer:
  m_ObjectHideFlags: 0
  m_CorrespondingSourceObject: {fileID: 0}
  m_PrefabInstance: {fileID: 0}
  m_PrefabAsset: {fileID: 0}
  m_GameObject: {fileID: 1683797085866488997}
  m_Enabled: 1
  m_CastShadows: 1
  m_ReceiveShadows: 1
  m_DynamicOccludee: 1
  m_MotionVectors: 1
  m_LightProbeUsage: 1
  m_ReflectionProbeUsage: 1
  m_RenderingLayerMask: 1
  m_RendererPriority: 0
  m_Materials:
  - {fileID: 2100000, guid: 777e05340a3ee3b43bb0deaaa19432fd, type: 2}
  m_StaticBatchInfo:
    firstSubMesh: 0
    subMeshCount: 0
  m_StaticBatchRoot: {fileID: 0}
  m_ProbeAnchor: {fileID: 0}
  m_LightProbeVolumeOverride: {fileID: 0}
  m_ScaleInLightmap: 1
  m_PreserveUVs: 0
  m_IgnoreNormalsForChartDetection: 0
  m_ImportantGI: 0
  m_StitchLightmapSeams: 1
  m_SelectedEditorRenderState: 3
  m_MinimumChartSize: 4
  m_AutoUVMaxDistance: 0.5
  m_AutoUVMaxAngle: 89
  m_LightmapParameters: {fileID: 0}
  m_SortingLayerID: 0
  m_SortingLayer: 0
  m_SortingOrder: 0
--- !u!65 &1683797085866488995
BoxCollider:
  m_ObjectHideFlags: 0
  m_CorrespondingSourceObject: {fileID: 0}
  m_PrefabInstance: {fileID: 0}
  m_PrefabAsset: {fileID: 0}
  m_GameObject: {fileID: 1683797085866488997}
  m_Material: {fileID: 0}
  m_IsTrigger: 0
  m_Enabled: 1
  serializedVersion: 2
  m_Size: {x: 1, y: 1, z: 1}
  m_Center: {x: 0, y: 0, z: 0}
--- !u!1 &1683797086156473251
GameObject:
  m_ObjectHideFlags: 0
  m_CorrespondingSourceObject: {fileID: 0}
  m_PrefabInstance: {fileID: 0}
  m_PrefabAsset: {fileID: 0}
  serializedVersion: 6
  m_Component:
  - component: {fileID: 1683797086156473248}
  - component: {fileID: 1683797086156473263}
  - component: {fileID: 1683797086156473262}
  - component: {fileID: 1683797086156473249}
  m_Layer: 0
  m_Name: Cube (10)
  m_TagString: Untagged
  m_Icon: {fileID: 0}
  m_NavMeshLayer: 0
  m_StaticEditorFlags: 0
  m_IsActive: 1
--- !u!4 &1683797086156473248
Transform:
  m_ObjectHideFlags: 0
  m_CorrespondingSourceObject: {fileID: 0}
  m_PrefabInstance: {fileID: 0}
  m_PrefabAsset: {fileID: 0}
  m_GameObject: {fileID: 1683797086156473251}
  m_LocalRotation: {x: -0, y: -0, z: -0, w: 1}
  m_LocalPosition: {x: 6.4783096, y: 1.352561, z: -1.3430634}
  m_LocalScale: {x: 0.99115, y: 5, z: 1.2947438}
  m_Children: []
  m_Father: {fileID: 1683797084805931509}
  m_RootOrder: 1
  m_LocalEulerAnglesHint: {x: 0, y: 0, z: 0}
--- !u!33 &1683797086156473263
MeshFilter:
  m_ObjectHideFlags: 0
  m_CorrespondingSourceObject: {fileID: 0}
  m_PrefabInstance: {fileID: 0}
  m_PrefabAsset: {fileID: 0}
  m_GameObject: {fileID: 1683797086156473251}
  m_Mesh: {fileID: 10202, guid: 0000000000000000e000000000000000, type: 0}
--- !u!23 &1683797086156473262
MeshRenderer:
  m_ObjectHideFlags: 0
  m_CorrespondingSourceObject: {fileID: 0}
  m_PrefabInstance: {fileID: 0}
  m_PrefabAsset: {fileID: 0}
  m_GameObject: {fileID: 1683797086156473251}
  m_Enabled: 1
  m_CastShadows: 1
  m_ReceiveShadows: 1
  m_DynamicOccludee: 1
  m_MotionVectors: 1
  m_LightProbeUsage: 1
  m_ReflectionProbeUsage: 1
  m_RenderingLayerMask: 1
  m_RendererPriority: 0
  m_Materials:
  - {fileID: 2100000, guid: 777e05340a3ee3b43bb0deaaa19432fd, type: 2}
  m_StaticBatchInfo:
    firstSubMesh: 0
    subMeshCount: 0
  m_StaticBatchRoot: {fileID: 0}
  m_ProbeAnchor: {fileID: 0}
  m_LightProbeVolumeOverride: {fileID: 0}
  m_ScaleInLightmap: 1
  m_PreserveUVs: 0
  m_IgnoreNormalsForChartDetection: 0
  m_ImportantGI: 0
  m_StitchLightmapSeams: 1
  m_SelectedEditorRenderState: 3
  m_MinimumChartSize: 4
  m_AutoUVMaxDistance: 0.5
  m_AutoUVMaxAngle: 89
  m_LightmapParameters: {fileID: 0}
  m_SortingLayerID: 0
  m_SortingLayer: 0
  m_SortingOrder: 0
--- !u!65 &1683797086156473249
BoxCollider:
  m_ObjectHideFlags: 0
  m_CorrespondingSourceObject: {fileID: 0}
  m_PrefabInstance: {fileID: 0}
  m_PrefabAsset: {fileID: 0}
  m_GameObject: {fileID: 1683797086156473251}
  m_Material: {fileID: 0}
  m_IsTrigger: 0
  m_Enabled: 1
  serializedVersion: 2
  m_Size: {x: 1, y: 1, z: 1}
  m_Center: {x: 0, y: 0, z: 0}
--- !u!1 &1683797086276649306
GameObject:
  m_ObjectHideFlags: 0
  m_CorrespondingSourceObject: {fileID: 0}
  m_PrefabInstance: {fileID: 0}
  m_PrefabAsset: {fileID: 0}
  serializedVersion: 6
  m_Component:
  - component: {fileID: 1683797086276649307}
  - component: {fileID: 1683797086276649254}
  - component: {fileID: 1683797086276649305}
  - component: {fileID: 1683797086276649304}
  m_Layer: 0
  m_Name: Cube (11)
  m_TagString: Untagged
  m_Icon: {fileID: 0}
  m_NavMeshLayer: 0
  m_StaticEditorFlags: 0
  m_IsActive: 1
--- !u!4 &1683797086276649307
Transform:
  m_ObjectHideFlags: 0
  m_CorrespondingSourceObject: {fileID: 0}
  m_PrefabInstance: {fileID: 0}
  m_PrefabAsset: {fileID: 0}
  m_GameObject: {fileID: 1683797086276649306}
  m_LocalRotation: {x: -0, y: -0, z: -0.70257956, w: 0.71160525}
  m_LocalPosition: {x: 5.368309, y: 5.1625605, z: -1.379776}
  m_LocalScale: {x: 4.9532037, y: 3.2023966, z: 2.2128465}
  m_Children: []
  m_Father: {fileID: 1683797084805931509}
  m_RootOrder: 2
  m_LocalEulerAnglesHint: {x: 0, y: 0, z: -89.269005}
--- !u!33 &1683797086276649254
MeshFilter:
  m_ObjectHideFlags: 0
  m_CorrespondingSourceObject: {fileID: 0}
  m_PrefabInstance: {fileID: 0}
  m_PrefabAsset: {fileID: 0}
  m_GameObject: {fileID: 1683797086276649306}
  m_Mesh: {fileID: 10202, guid: 0000000000000000e000000000000000, type: 0}
--- !u!23 &1683797086276649305
MeshRenderer:
  m_ObjectHideFlags: 0
  m_CorrespondingSourceObject: {fileID: 0}
  m_PrefabInstance: {fileID: 0}
  m_PrefabAsset: {fileID: 0}
  m_GameObject: {fileID: 1683797086276649306}
  m_Enabled: 1
  m_CastShadows: 1
  m_ReceiveShadows: 1
  m_DynamicOccludee: 1
  m_MotionVectors: 1
  m_LightProbeUsage: 1
  m_ReflectionProbeUsage: 1
  m_RenderingLayerMask: 1
  m_RendererPriority: 0
  m_Materials:
  - {fileID: 2100000, guid: 777e05340a3ee3b43bb0deaaa19432fd, type: 2}
  m_StaticBatchInfo:
    firstSubMesh: 0
    subMeshCount: 0
  m_StaticBatchRoot: {fileID: 0}
  m_ProbeAnchor: {fileID: 0}
  m_LightProbeVolumeOverride: {fileID: 0}
  m_ScaleInLightmap: 1
  m_PreserveUVs: 0
  m_IgnoreNormalsForChartDetection: 0
  m_ImportantGI: 0
  m_StitchLightmapSeams: 1
  m_SelectedEditorRenderState: 3
  m_MinimumChartSize: 4
  m_AutoUVMaxDistance: 0.5
  m_AutoUVMaxAngle: 89
  m_LightmapParameters: {fileID: 0}
  m_SortingLayerID: 0
  m_SortingLayer: 0
  m_SortingOrder: 0
--- !u!65 &1683797086276649304
BoxCollider:
  m_ObjectHideFlags: 0
  m_CorrespondingSourceObject: {fileID: 0}
  m_PrefabInstance: {fileID: 0}
  m_PrefabAsset: {fileID: 0}
  m_GameObject: {fileID: 1683797086276649306}
  m_Material: {fileID: 0}
  m_IsTrigger: 0
  m_Enabled: 1
  serializedVersion: 2
  m_Size: {x: 1, y: 1, z: 1}
  m_Center: {x: 0, y: 0, z: 0}
--- !u!1 &1683797086784283078
GameObject:
  m_ObjectHideFlags: 0
  m_CorrespondingSourceObject: {fileID: 0}
  m_PrefabInstance: {fileID: 0}
  m_PrefabAsset: {fileID: 0}
  serializedVersion: 6
  m_Component:
  - component: {fileID: 1683797086784283079}
  - component: {fileID: 1683797086784283074}
  - component: {fileID: 1683797086784283077}
  - component: {fileID: 1683797086784283076}
  m_Layer: 0
  m_Name: Cube (12)
  m_TagString: Untagged
  m_Icon: {fileID: 0}
  m_NavMeshLayer: 0
  m_StaticEditorFlags: 0
  m_IsActive: 1
--- !u!4 &1683797086784283079
Transform:
  m_ObjectHideFlags: 0
  m_CorrespondingSourceObject: {fileID: 0}
  m_PrefabInstance: {fileID: 0}
  m_PrefabAsset: {fileID: 0}
  m_GameObject: {fileID: 1683797086784283078}
  m_LocalRotation: {x: 0.54507107, y: 0.45044145, z: 0.54507107, w: 0.45044145}
  m_LocalPosition: {x: 3.413391, y: 6.4225607, z: 0.10021973}
  m_LocalScale: {x: 0.73357975, y: 3.5990496, z: 0.58650714}
  m_Children: []
  m_Father: {fileID: 1683797084805931509}
  m_RootOrder: 3
  m_LocalEulerAnglesHint: {x: 0, y: 90, z: 100.86001}
--- !u!33 &1683797086784283074
MeshFilter:
  m_ObjectHideFlags: 0
  m_CorrespondingSourceObject: {fileID: 0}
  m_PrefabInstance: {fileID: 0}
  m_PrefabAsset: {fileID: 0}
  m_GameObject: {fileID: 1683797086784283078}
  m_Mesh: {fileID: 10202, guid: 0000000000000000e000000000000000, type: 0}
--- !u!23 &1683797086784283077
MeshRenderer:
  m_ObjectHideFlags: 0
  m_CorrespondingSourceObject: {fileID: 0}
  m_PrefabInstance: {fileID: 0}
  m_PrefabAsset: {fileID: 0}
  m_GameObject: {fileID: 1683797086784283078}
  m_Enabled: 1
  m_CastShadows: 1
  m_ReceiveShadows: 1
  m_DynamicOccludee: 1
  m_MotionVectors: 1
  m_LightProbeUsage: 1
  m_ReflectionProbeUsage: 1
  m_RenderingLayerMask: 1
  m_RendererPriority: 0
  m_Materials:
  - {fileID: 2100000, guid: 777e05340a3ee3b43bb0deaaa19432fd, type: 2}
  m_StaticBatchInfo:
    firstSubMesh: 0
    subMeshCount: 0
  m_StaticBatchRoot: {fileID: 0}
  m_ProbeAnchor: {fileID: 0}
  m_LightProbeVolumeOverride: {fileID: 0}
  m_ScaleInLightmap: 1
  m_PreserveUVs: 0
  m_IgnoreNormalsForChartDetection: 0
  m_ImportantGI: 0
  m_StitchLightmapSeams: 1
  m_SelectedEditorRenderState: 3
  m_MinimumChartSize: 4
  m_AutoUVMaxDistance: 0.5
  m_AutoUVMaxAngle: 89
  m_LightmapParameters: {fileID: 0}
  m_SortingLayerID: 0
  m_SortingLayer: 0
  m_SortingOrder: 0
--- !u!65 &1683797086784283076
BoxCollider:
  m_ObjectHideFlags: 0
  m_CorrespondingSourceObject: {fileID: 0}
  m_PrefabInstance: {fileID: 0}
  m_PrefabAsset: {fileID: 0}
  m_GameObject: {fileID: 1683797086784283078}
  m_Material: {fileID: 0}
  m_IsTrigger: 0
  m_Enabled: 1
  serializedVersion: 2
  m_Size: {x: 1, y: 1, z: 1}
  m_Center: {x: 0, y: 0, z: 0}
--- !u!65 &5115740732808694826
BoxCollider:
  m_ObjectHideFlags: 0
  m_CorrespondingSourceObject: {fileID: 0}
  m_PrefabInstance: {fileID: 0}
  m_PrefabAsset: {fileID: 0}
  m_GameObject: {fileID: 7885610121983322753}
  m_Material: {fileID: 0}
  m_IsTrigger: 0
  m_Enabled: 1
  serializedVersion: 2
  m_Size: {x: 1.295774, y: 8.696, z: 4.4610167}
  m_Center: {x: -0.090696305, y: 6.280442, z: -1.5301325}
--- !u!1001 &2162183603079742763
PrefabInstance:
  m_ObjectHideFlags: 0
  serializedVersion: 2
  m_Modification:
    m_TransformParent: {fileID: 1683797084805931509}
    m_Modifications:
    - target: {fileID: 7752436429967555108, guid: 9f9e31bc4b3b5e545a9c29462ab8ce65,
        type: 3}
      propertyPath: m_Name
      value: Health Bar 1 (1)
      objectReference: {fileID: 0}
    - target: {fileID: 7752436429967555111, guid: 9f9e31bc4b3b5e545a9c29462ab8ce65,
        type: 3}
      propertyPath: m_LocalPosition.x
      value: 0
      objectReference: {fileID: 0}
    - target: {fileID: 7752436429967555111, guid: 9f9e31bc4b3b5e545a9c29462ab8ce65,
        type: 3}
      propertyPath: m_LocalPosition.y
      value: 0
      objectReference: {fileID: 0}
    - target: {fileID: 7752436429967555111, guid: 9f9e31bc4b3b5e545a9c29462ab8ce65,
        type: 3}
      propertyPath: m_LocalPosition.z
      value: -0.71
      objectReference: {fileID: 0}
    - target: {fileID: 7752436429967555111, guid: 9f9e31bc4b3b5e545a9c29462ab8ce65,
        type: 3}
      propertyPath: m_LocalRotation.x
      value: -0.32596818
      objectReference: {fileID: 0}
    - target: {fileID: 7752436429967555111, guid: 9f9e31bc4b3b5e545a9c29462ab8ce65,
        type: 3}
      propertyPath: m_LocalRotation.y
      value: 0.0047109877
      objectReference: {fileID: 0}
    - target: {fileID: 7752436429967555111, guid: 9f9e31bc4b3b5e545a9c29462ab8ce65,
        type: 3}
      propertyPath: m_LocalRotation.z
      value: -0.013661324
      objectReference: {fileID: 0}
    - target: {fileID: 7752436429967555111, guid: 9f9e31bc4b3b5e545a9c29462ab8ce65,
        type: 3}
      propertyPath: m_LocalRotation.w
      value: 0.9452703
      objectReference: {fileID: 0}
    - target: {fileID: 7752436429967555111, guid: 9f9e31bc4b3b5e545a9c29462ab8ce65,
        type: 3}
      propertyPath: m_RootOrder
      value: 7
      objectReference: {fileID: 0}
    - target: {fileID: 7752436429967555111, guid: 9f9e31bc4b3b5e545a9c29462ab8ce65,
        type: 3}
      propertyPath: m_LocalEulerAnglesHint.x
      value: 9.4140005
      objectReference: {fileID: 0}
    - target: {fileID: 7752436429967555111, guid: 9f9e31bc4b3b5e545a9c29462ab8ce65,
        type: 3}
      propertyPath: m_LocalEulerAnglesHint.y
      value: 180
      objectReference: {fileID: 0}
    - target: {fileID: 7752436429967555111, guid: 9f9e31bc4b3b5e545a9c29462ab8ce65,
        type: 3}
      propertyPath: m_LocalEulerAnglesHint.z
      value: 0
      objectReference: {fileID: 0}
    - target: {fileID: 7752436429967555111, guid: 9f9e31bc4b3b5e545a9c29462ab8ce65,
        type: 3}
      propertyPath: m_AnchoredPosition.x
      value: 5.43
      objectReference: {fileID: 0}
    - target: {fileID: 7752436429967555111, guid: 9f9e31bc4b3b5e545a9c29462ab8ce65,
        type: 3}
      propertyPath: m_AnchoredPosition.y
      value: 10.94
      objectReference: {fileID: 0}
    - target: {fileID: 7752436429967555111, guid: 9f9e31bc4b3b5e545a9c29462ab8ce65,
        type: 3}
      propertyPath: m_SizeDelta.x
      value: 100
      objectReference: {fileID: 0}
    - target: {fileID: 7752436429967555111, guid: 9f9e31bc4b3b5e545a9c29462ab8ce65,
        type: 3}
      propertyPath: m_SizeDelta.y
      value: 10
      objectReference: {fileID: 0}
    - target: {fileID: 7752436429967555111, guid: 9f9e31bc4b3b5e545a9c29462ab8ce65,
        type: 3}
      propertyPath: m_AnchorMin.x
      value: 0.5
      objectReference: {fileID: 0}
    - target: {fileID: 7752436429967555111, guid: 9f9e31bc4b3b5e545a9c29462ab8ce65,
        type: 3}
      propertyPath: m_AnchorMin.y
      value: 0.5
      objectReference: {fileID: 0}
    - target: {fileID: 7752436429967555111, guid: 9f9e31bc4b3b5e545a9c29462ab8ce65,
        type: 3}
      propertyPath: m_AnchorMax.x
      value: 0.5
      objectReference: {fileID: 0}
    - target: {fileID: 7752436429967555111, guid: 9f9e31bc4b3b5e545a9c29462ab8ce65,
        type: 3}
      propertyPath: m_AnchorMax.y
      value: 0.5
      objectReference: {fileID: 0}
    - target: {fileID: 7752436429967555111, guid: 9f9e31bc4b3b5e545a9c29462ab8ce65,
        type: 3}
      propertyPath: m_Pivot.x
      value: 0.5
      objectReference: {fileID: 0}
    - target: {fileID: 7752436429967555111, guid: 9f9e31bc4b3b5e545a9c29462ab8ce65,
        type: 3}
      propertyPath: m_Pivot.y
      value: 0.5
      objectReference: {fileID: 0}
    - target: {fileID: 7752436429967555111, guid: 9f9e31bc4b3b5e545a9c29462ab8ce65,
        type: 3}
      propertyPath: m_LocalScale.x
      value: 0.034885544
      objectReference: {fileID: 0}
    - target: {fileID: 7752436429967555111, guid: 9f9e31bc4b3b5e545a9c29462ab8ce65,
        type: 3}
      propertyPath: m_LocalScale.y
      value: 0.21991158
      objectReference: {fileID: 0}
    - target: {fileID: 7752436429967555111, guid: 9f9e31bc4b3b5e545a9c29462ab8ce65,
        type: 3}
      propertyPath: m_LocalScale.z
      value: 0.12727772
      objectReference: {fileID: 0}
    - target: {fileID: 7752436429967555110, guid: 9f9e31bc4b3b5e545a9c29462ab8ce65,
        type: 3}
      propertyPath: m_Value
      value: 100
      objectReference: {fileID: 0}
    - target: {fileID: 7752436428462895102, guid: 9f9e31bc4b3b5e545a9c29462ab8ce65,
        type: 3}
      propertyPath: m_AnchorMin.x
      value: 0
      objectReference: {fileID: 0}
    - target: {fileID: 7752436428462895102, guid: 9f9e31bc4b3b5e545a9c29462ab8ce65,
        type: 3}
      propertyPath: m_AnchorMax.x
      value: 0
      objectReference: {fileID: 0}
    - target: {fileID: 7752436428462895102, guid: 9f9e31bc4b3b5e545a9c29462ab8ce65,
        type: 3}
      propertyPath: m_AnchorMax.y
      value: 0
      objectReference: {fileID: 0}
    - target: {fileID: 7752436430424335921, guid: 9f9e31bc4b3b5e545a9c29462ab8ce65,
        type: 3}
      propertyPath: m_AnchorMin.x
      value: 0
      objectReference: {fileID: 0}
    - target: {fileID: 7752436430424335921, guid: 9f9e31bc4b3b5e545a9c29462ab8ce65,
        type: 3}
      propertyPath: m_AnchorMax.x
      value: 0
      objectReference: {fileID: 0}
    - target: {fileID: 7752436430424335921, guid: 9f9e31bc4b3b5e545a9c29462ab8ce65,
        type: 3}
      propertyPath: m_AnchorMax.y
      value: 0
      objectReference: {fileID: 0}
    m_RemovedComponents: []
  m_SourcePrefab: {fileID: 100100000, guid: 9f9e31bc4b3b5e545a9c29462ab8ce65, type: 3}
--- !u!224 &8473436197731794700 stripped
RectTransform:
  m_CorrespondingSourceObject: {fileID: 7752436429967555111, guid: 9f9e31bc4b3b5e545a9c29462ab8ce65,
    type: 3}
  m_PrefabInstance: {fileID: 2162183603079742763}
  m_PrefabAsset: {fileID: 0}
--- !u!114 &8473436197731794701 stripped
MonoBehaviour:
  m_CorrespondingSourceObject: {fileID: 7752436429967555110, guid: 9f9e31bc4b3b5e545a9c29462ab8ce65,
    type: 3}
  m_PrefabInstance: {fileID: 2162183603079742763}
  m_PrefabAsset: {fileID: 0}
  m_GameObject: {fileID: 0}
  m_Enabled: 1
  m_EditorHideFlags: 0
  m_Script: {fileID: -113659843, guid: f70555f144d8491a825f0804e09c671c, type: 3}
  m_Name: 
  m_EditorClassIdentifier: 
--- !u!1001 &4740686441774927412
PrefabInstance:
  m_ObjectHideFlags: 0
  serializedVersion: 2
  m_Modification:
    m_TransformParent: {fileID: 1683797084805931509}
    m_Modifications:
    - target: {fileID: 3217010029639705781, guid: 74f78d0b741bd714080823ff55aa9b45,
        type: 3}
      propertyPath: m_Name
      value: EnemyLightsaber 1
      objectReference: {fileID: 0}
    - target: {fileID: 3217010029639705781, guid: 74f78d0b741bd714080823ff55aa9b45,
        type: 3}
      propertyPath: m_TagString
      value: EnemyTeam
      objectReference: {fileID: 0}
    - target: {fileID: 3217010029639705781, guid: 74f78d0b741bd714080823ff55aa9b45,
        type: 3}
      propertyPath: m_IsActive
      value: 1
      objectReference: {fileID: 0}
    - target: {fileID: 3217010029639705768, guid: 74f78d0b741bd714080823ff55aa9b45,
        type: 3}
      propertyPath: m_LocalPosition.x
      value: 3.4
      objectReference: {fileID: 0}
    - target: {fileID: 3217010029639705768, guid: 74f78d0b741bd714080823ff55aa9b45,
        type: 3}
      propertyPath: m_LocalPosition.y
      value: 6.69
      objectReference: {fileID: 0}
    - target: {fileID: 3217010029639705768, guid: 74f78d0b741bd714080823ff55aa9b45,
        type: 3}
      propertyPath: m_LocalPosition.z
      value: 1.47
      objectReference: {fileID: 0}
    - target: {fileID: 3217010029639705768, guid: 74f78d0b741bd714080823ff55aa9b45,
        type: 3}
      propertyPath: m_LocalRotation.x
      value: -0.014449906
      objectReference: {fileID: 0}
    - target: {fileID: 3217010029639705768, guid: 74f78d0b741bd714080823ff55aa9b45,
        type: 3}
      propertyPath: m_LocalRotation.y
      value: -0.9998353
      objectReference: {fileID: 0}
    - target: {fileID: 3217010029639705768, guid: 74f78d0b741bd714080823ff55aa9b45,
        type: 3}
      propertyPath: m_LocalRotation.z
      value: -0.010981715
      objectReference: {fileID: 0}
    - target: {fileID: 3217010029639705768, guid: 74f78d0b741bd714080823ff55aa9b45,
        type: 3}
      propertyPath: m_LocalRotation.w
      value: -0.00015871768
      objectReference: {fileID: 0}
    - target: {fileID: 3217010029639705768, guid: 74f78d0b741bd714080823ff55aa9b45,
        type: 3}
      propertyPath: m_RootOrder
      value: 8
      objectReference: {fileID: 0}
    - target: {fileID: 3217010029639705768, guid: 74f78d0b741bd714080823ff55aa9b45,
        type: 3}
      propertyPath: m_LocalEulerAnglesHint.x
      value: -1.258
      objectReference: {fileID: 0}
    - target: {fileID: 3217010029639705768, guid: 74f78d0b741bd714080823ff55aa9b45,
        type: 3}
      propertyPath: m_LocalEulerAnglesHint.y
      value: 179.964
      objectReference: {fileID: 0}
    - target: {fileID: 3217010029639705768, guid: 74f78d0b741bd714080823ff55aa9b45,
        type: 3}
      propertyPath: m_LocalEulerAnglesHint.z
      value: 1.6560001
      objectReference: {fileID: 0}
    - target: {fileID: 3217010029639705768, guid: 74f78d0b741bd714080823ff55aa9b45,
        type: 3}
      propertyPath: m_LocalScale.x
      value: 0.67
      objectReference: {fileID: 0}
    - target: {fileID: 3217010029639705768, guid: 74f78d0b741bd714080823ff55aa9b45,
        type: 3}
      propertyPath: m_LocalScale.y
      value: 0.67
      objectReference: {fileID: 0}
    - target: {fileID: 3217010029639705768, guid: 74f78d0b741bd714080823ff55aa9b45,
        type: 3}
      propertyPath: m_LocalScale.z
      value: 0.67
      objectReference: {fileID: 0}
    m_RemovedComponents: []
  m_SourcePrefab: {fileID: 100100000, guid: 74f78d0b741bd714080823ff55aa9b45, type: 3}
--- !u!1 &7885610121983322753 stripped
GameObject:
  m_CorrespondingSourceObject: {fileID: 3217010029639705781, guid: 74f78d0b741bd714080823ff55aa9b45,
    type: 3}
  m_PrefabInstance: {fileID: 4740686441774927412}
  m_PrefabAsset: {fileID: 0}
--- !u!4 &7885610121983322780 stripped
Transform:
  m_CorrespondingSourceObject: {fileID: 3217010029639705768, guid: 74f78d0b741bd714080823ff55aa9b45,
    type: 3}
  m_PrefabInstance: {fileID: 4740686441774927412}
  m_PrefabAsset: {fileID: 0}
