%YAML 1.1
%TAG !u! tag:unity3d.com,2011:
--- !u!1 &254876397083120809
GameObject:
  m_ObjectHideFlags: 0
  m_CorrespondingSourceObject: {fileID: 0}
  m_PrefabInstance: {fileID: 0}
  m_PrefabAsset: {fileID: 0}
  serializedVersion: 6
  m_Component:
  - component: {fileID: 254876397083120813}
  - component: {fileID: 254876397083120810}
  - component: {fileID: 254876397083120811}
  - component: {fileID: 254876397083120808}
  - component: {fileID: 6196810096240204921}
  m_Layer: 0
  m_Name: Fireball
  m_TagString: Fireball
  m_Icon: {fileID: 0}
  m_NavMeshLayer: 0
  m_StaticEditorFlags: 0
  m_IsActive: 1
--- !u!4 &254876397083120813
Transform:
  m_ObjectHideFlags: 0
  m_CorrespondingSourceObject: {fileID: 0}
  m_PrefabInstance: {fileID: 0}
  m_PrefabAsset: {fileID: 0}
  m_GameObject: {fileID: 254876397083120809}
  m_LocalRotation: {x: 0, y: 0, z: 0, w: 1}
  m_LocalPosition: {x: 373.7373, y: 0, z: 169.37}
  m_LocalScale: {x: 1, y: 1, z: 1}
  m_Children:
  - {fileID: 5531223413244019443}
  - {fileID: 2832559173776880591}
  - {fileID: 6480610755406801703}
  - {fileID: 5771337641869569001}
  m_Father: {fileID: 0}
  m_RootOrder: 0
  m_LocalEulerAnglesHint: {x: 0, y: 0, z: 0}
--- !u!33 &254876397083120810
MeshFilter:
  m_ObjectHideFlags: 0
  m_CorrespondingSourceObject: {fileID: 0}
  m_PrefabInstance: {fileID: 0}
  m_PrefabAsset: {fileID: 0}
  m_GameObject: {fileID: 254876397083120809}
  m_Mesh: {fileID: 10202, guid: 0000000000000000e000000000000000, type: 0}
--- !u!23 &254876397083120811
MeshRenderer:
  m_ObjectHideFlags: 0
  m_CorrespondingSourceObject: {fileID: 0}
  m_PrefabInstance: {fileID: 0}
  m_PrefabAsset: {fileID: 0}
  m_GameObject: {fileID: 254876397083120809}
  m_Enabled: 0
  m_CastShadows: 1
  m_ReceiveShadows: 1
  m_DynamicOccludee: 1
  m_MotionVectors: 1
  m_LightProbeUsage: 1
  m_ReflectionProbeUsage: 1
  m_RenderingLayerMask: 1
  m_RendererPriority: 0
  m_Materials:
  - {fileID: 10303, guid: 0000000000000000f000000000000000, type: 0}
  m_StaticBatchInfo:
    firstSubMesh: 0
    subMeshCount: 0
  m_StaticBatchRoot: {fileID: 0}
  m_ProbeAnchor: {fileID: 0}
  m_LightProbeVolumeOverride: {fileID: 0}
  m_ScaleInLightmap: 1
  m_PreserveUVs: 0
  m_IgnoreNormalsForChartDetection: 0
  m_ImportantGI: 0
  m_StitchLightmapSeams: 0
  m_SelectedEditorRenderState: 3
  m_MinimumChartSize: 4
  m_AutoUVMaxDistance: 0.5
  m_AutoUVMaxAngle: 89
  m_LightmapParameters: {fileID: 0}
  m_SortingLayerID: 0
  m_SortingLayer: 0
  m_SortingOrder: 0
--- !u!65 &254876397083120808
BoxCollider:
  m_ObjectHideFlags: 0
  m_CorrespondingSourceObject: {fileID: 0}
  m_PrefabInstance: {fileID: 0}
  m_PrefabAsset: {fileID: 0}
  m_GameObject: {fileID: 254876397083120809}
  m_Material: {fileID: 0}
  m_IsTrigger: 0
  m_Enabled: 1
  serializedVersion: 2
  m_Size: {x: 1, y: 1, z: 1}
  m_Center: {x: 0, y: 0, z: 0}
--- !u!54 &6196810096240204921
Rigidbody:
  m_ObjectHideFlags: 0
  m_CorrespondingSourceObject: {fileID: 0}
  m_PrefabInstance: {fileID: 0}
  m_PrefabAsset: {fileID: 0}
  m_GameObject: {fileID: 254876397083120809}
  serializedVersion: 2
  m_Mass: 1
  m_Drag: 0
  m_AngularDrag: 0.05
  m_UseGravity: 1
  m_IsKinematic: 1
  m_Interpolate: 0
  m_Constraints: 0
  m_CollisionDetection: 0
--- !u!1 &4447366826525268252
GameObject:
  m_ObjectHideFlags: 0
  m_CorrespondingSourceObject: {fileID: 0}
  m_PrefabInstance: {fileID: 0}
  m_PrefabAsset: {fileID: 0}
  serializedVersion: 6
  m_Component:
  - component: {fileID: 5531223413244019443}
  - component: {fileID: 268818691158105534}
  - component: {fileID: 4160501909862540271}
  - component: {fileID: 4871042927550780764}
  - component: {fileID: 7763751103452696739}
  m_Layer: 0
  m_Name: FireballHitBox
  m_TagString: Fireball
  m_Icon: {fileID: 0}
  m_NavMeshLayer: 0
  m_StaticEditorFlags: 0
  m_IsActive: 1
--- !u!4 &5531223413244019443
Transform:
  m_ObjectHideFlags: 0
  m_CorrespondingSourceObject: {fileID: 0}
  m_PrefabInstance: {fileID: 0}
  m_PrefabAsset: {fileID: 0}
  m_GameObject: {fileID: 4447366826525268252}
  m_LocalRotation: {x: 0, y: 0, z: 0, w: 1}
  m_LocalPosition: {x: 0, y: 0, z: 0}
  m_LocalScale: {x: 30, y: 1, z: 10}
  m_Children: []
  m_Father: {fileID: 254876397083120813}
  m_RootOrder: 0
  m_LocalEulerAnglesHint: {x: 0, y: 0, z: 0}
--- !u!33 &268818691158105534
MeshFilter:
  m_ObjectHideFlags: 0
  m_CorrespondingSourceObject: {fileID: 0}
  m_PrefabInstance: {fileID: 0}
  m_PrefabAsset: {fileID: 0}
  m_GameObject: {fileID: 4447366826525268252}
  m_Mesh: {fileID: 10202, guid: 0000000000000000e000000000000000, type: 0}
--- !u!23 &4160501909862540271
MeshRenderer:
  m_ObjectHideFlags: 0
  m_CorrespondingSourceObject: {fileID: 0}
  m_PrefabInstance: {fileID: 0}
  m_PrefabAsset: {fileID: 0}
  m_GameObject: {fileID: 4447366826525268252}
  m_Enabled: 0
  m_CastShadows: 1
  m_ReceiveShadows: 1
  m_DynamicOccludee: 1
  m_MotionVectors: 1
  m_LightProbeUsage: 1
  m_ReflectionProbeUsage: 1
  m_RenderingLayerMask: 1
  m_RendererPriority: 0
  m_Materials:
  - {fileID: 10303, guid: 0000000000000000f000000000000000, type: 0}
  m_StaticBatchInfo:
    firstSubMesh: 0
    subMeshCount: 0
  m_StaticBatchRoot: {fileID: 0}
  m_ProbeAnchor: {fileID: 0}
  m_LightProbeVolumeOverride: {fileID: 0}
  m_ScaleInLightmap: 1
  m_PreserveUVs: 0
  m_IgnoreNormalsForChartDetection: 0
  m_ImportantGI: 0
  m_StitchLightmapSeams: 0
  m_SelectedEditorRenderState: 3
  m_MinimumChartSize: 4
  m_AutoUVMaxDistance: 0.5
  m_AutoUVMaxAngle: 89
  m_LightmapParameters: {fileID: 0}
  m_SortingLayerID: 0
  m_SortingLayer: 0
  m_SortingOrder: 0
--- !u!65 &4871042927550780764
BoxCollider:
  m_ObjectHideFlags: 0
  m_CorrespondingSourceObject: {fileID: 0}
  m_PrefabInstance: {fileID: 0}
  m_PrefabAsset: {fileID: 0}
  m_GameObject: {fileID: 4447366826525268252}
  m_Material: {fileID: 0}
  m_IsTrigger: 0
  m_Enabled: 1
  serializedVersion: 2
  m_Size: {x: 1, y: 1, z: 1}
  m_Center: {x: 0, y: 0, z: 0}
--- !u!54 &7763751103452696739
Rigidbody:
  m_ObjectHideFlags: 0
  m_CorrespondingSourceObject: {fileID: 0}
  m_PrefabInstance: {fileID: 0}
  m_PrefabAsset: {fileID: 0}
  m_GameObject: {fileID: 4447366826525268252}
  serializedVersion: 2
  m_Mass: 1
  m_Drag: 0
  m_AngularDrag: 0.05
  m_UseGravity: 1
  m_IsKinematic: 1
  m_Interpolate: 0
  m_Constraints: 0
  m_CollisionDetection: 0
--- !u!1 &7816436153245438397
GameObject:
  m_ObjectHideFlags: 0
  m_CorrespondingSourceObject: {fileID: 0}
  m_PrefabInstance: {fileID: 0}
  m_PrefabAsset: {fileID: 0}
  serializedVersion: 6
  m_Component:
  - component: {fileID: 5771337641869569001}
  - component: {fileID: 5105494065181069394}
  - component: {fileID: 3660059860399334942}
  - component: {fileID: 1104668990391515680}
  m_Layer: 0
  m_Name: Sphere
  m_TagString: Untagged
  m_Icon: {fileID: 0}
  m_NavMeshLayer: 0
  m_StaticEditorFlags: 0
  m_IsActive: 1
--- !u!4 &5771337641869569001
Transform:
  m_ObjectHideFlags: 0
  m_CorrespondingSourceObject: {fileID: 0}
  m_PrefabInstance: {fileID: 0}
  m_PrefabAsset: {fileID: 0}
  m_GameObject: {fileID: 7816436153245438397}
  m_LocalRotation: {x: -0, y: -0, z: -0, w: 1}
  m_LocalPosition: {x: -0.11, y: -16.3, z: -0.73}
  m_LocalScale: {x: 32.443115, y: -0.37173367, z: 21.81258}
  m_Children: []
  m_Father: {fileID: 254876397083120813}
  m_RootOrder: 3
  m_LocalEulerAnglesHint: {x: 0, y: 0, z: 0}
--- !u!33 &5105494065181069394
MeshFilter:
  m_ObjectHideFlags: 0
  m_CorrespondingSourceObject: {fileID: 0}
  m_PrefabInstance: {fileID: 0}
  m_PrefabAsset: {fileID: 0}
  m_GameObject: {fileID: 7816436153245438397}
  m_Mesh: {fileID: 10207, guid: 0000000000000000e000000000000000, type: 0}
--- !u!23 &3660059860399334942
MeshRenderer:
  m_ObjectHideFlags: 0
  m_CorrespondingSourceObject: {fileID: 0}
  m_PrefabInstance: {fileID: 0}
  m_PrefabAsset: {fileID: 0}
  m_GameObject: {fileID: 7816436153245438397}
  m_Enabled: 1
  m_CastShadows: 1
  m_ReceiveShadows: 1
  m_DynamicOccludee: 1
  m_MotionVectors: 1
  m_LightProbeUsage: 1
  m_ReflectionProbeUsage: 1
  m_RenderingLayerMask: 1
  m_RendererPriority: 0
  m_Materials:
  - {fileID: 2100000, guid: 1d799b529213ffc40b622aaad2de4dcd, type: 2}
  m_StaticBatchInfo:
    firstSubMesh: 0
    subMeshCount: 0
  m_StaticBatchRoot: {fileID: 0}
  m_ProbeAnchor: {fileID: 0}
  m_LightProbeVolumeOverride: {fileID: 0}
  m_ScaleInLightmap: 1
  m_PreserveUVs: 0
  m_IgnoreNormalsForChartDetection: 0
  m_ImportantGI: 0
  m_StitchLightmapSeams: 0
  m_SelectedEditorRenderState: 3
  m_MinimumChartSize: 4
  m_AutoUVMaxDistance: 0.5
  m_AutoUVMaxAngle: 89
  m_LightmapParameters: {fileID: 0}
  m_SortingLayerID: 0
  m_SortingLayer: 0
  m_SortingOrder: 0
--- !u!135 &1104668990391515680
SphereCollider:
  m_ObjectHideFlags: 0
  m_CorrespondingSourceObject: {fileID: 0}
  m_PrefabInstance: {fileID: 0}
  m_PrefabAsset: {fileID: 0}
  m_GameObject: {fileID: 7816436153245438397}
  m_Material: {fileID: 0}
  m_IsTrigger: 0
  m_Enabled: 0
  serializedVersion: 2
  m_Radius: 0.5
  m_Center: {x: 0, y: 0, z: 0}
--- !u!1001 &2832559173776520501
PrefabInstance:
  m_ObjectHideFlags: 0
  serializedVersion: 2
  m_Modification:
    m_TransformParent: {fileID: 254876397083120813}
    m_Modifications:
    - target: {fileID: 179432, guid: 965716b1b5cefa948bbf456c7b433186, type: 3}
      propertyPath: m_Name
      value: Fireball
      objectReference: {fileID: 0}
    - target: {fileID: 179432, guid: 965716b1b5cefa948bbf456c7b433186, type: 3}
      propertyPath: m_TagString
      value: Fireball
      objectReference: {fileID: 0}
    - target: {fileID: 493306, guid: 965716b1b5cefa948bbf456c7b433186, type: 3}
      propertyPath: m_LocalPosition.x
      value: -0.13
      objectReference: {fileID: 0}
    - target: {fileID: 493306, guid: 965716b1b5cefa948bbf456c7b433186, type: 3}
      propertyPath: m_LocalPosition.y
      value: 0.18
      objectReference: {fileID: 0}
    - target: {fileID: 493306, guid: 965716b1b5cefa948bbf456c7b433186, type: 3}
      propertyPath: m_LocalPosition.z
      value: -0.01
      objectReference: {fileID: 0}
    - target: {fileID: 493306, guid: 965716b1b5cefa948bbf456c7b433186, type: 3}
      propertyPath: m_LocalRotation.x
      value: -0
      objectReference: {fileID: 0}
    - target: {fileID: 493306, guid: 965716b1b5cefa948bbf456c7b433186, type: 3}
      propertyPath: m_LocalRotation.y
      value: -0
      objectReference: {fileID: 0}
    - target: {fileID: 493306, guid: 965716b1b5cefa948bbf456c7b433186, type: 3}
      propertyPath: m_LocalRotation.z
      value: -0
      objectReference: {fileID: 0}
    - target: {fileID: 493306, guid: 965716b1b5cefa948bbf456c7b433186, type: 3}
      propertyPath: m_LocalRotation.w
      value: 1
      objectReference: {fileID: 0}
    - target: {fileID: 493306, guid: 965716b1b5cefa948bbf456c7b433186, type: 3}
      propertyPath: m_RootOrder
      value: 1
      objectReference: {fileID: 0}
    - target: {fileID: 493306, guid: 965716b1b5cefa948bbf456c7b433186, type: 3}
      propertyPath: m_LocalEulerAnglesHint.x
      value: 0
      objectReference: {fileID: 0}
    - target: {fileID: 493306, guid: 965716b1b5cefa948bbf456c7b433186, type: 3}
      propertyPath: m_LocalEulerAnglesHint.y
      value: 0
      objectReference: {fileID: 0}
    - target: {fileID: 493306, guid: 965716b1b5cefa948bbf456c7b433186, type: 3}
      propertyPath: m_LocalEulerAnglesHint.z
      value: 0
      objectReference: {fileID: 0}
    - target: {fileID: 5414576, guid: 965716b1b5cefa948bbf456c7b433186, type: 3}
      propertyPath: m_IsKinematic
      value: 1
      objectReference: {fileID: 0}
    - target: {fileID: 191522, guid: 965716b1b5cefa948bbf456c7b433186, type: 3}
      propertyPath: m_TagString
      value: Fireball
      objectReference: {fileID: 0}
    - target: {fileID: 183770, guid: 965716b1b5cefa948bbf456c7b433186, type: 3}
      propertyPath: m_TagString
      value: Fireball
      objectReference: {fileID: 0}
    - target: {fileID: 152120, guid: 965716b1b5cefa948bbf456c7b433186, type: 3}
      propertyPath: m_IsActive
      value: 1
      objectReference: {fileID: 0}
    - target: {fileID: 152120, guid: 965716b1b5cefa948bbf456c7b433186, type: 3}
      propertyPath: m_TagString
      value: Fireball
      objectReference: {fileID: 0}
    - target: {fileID: 19825394, guid: 965716b1b5cefa948bbf456c7b433186, type: 3}
      propertyPath: InitialModule.startSizeY.minMaxState
      value: 3
      objectReference: {fileID: 0}
    - target: {fileID: 19825394, guid: 965716b1b5cefa948bbf456c7b433186, type: 3}
      propertyPath: InitialModule.startSizeZ.minMaxState
      value: 3
      objectReference: {fileID: 0}
    - target: {fileID: 19882314, guid: 965716b1b5cefa948bbf456c7b433186, type: 3}
      propertyPath: InitialModule.startSizeY.minMaxState
      value: 3
      objectReference: {fileID: 0}
    - target: {fileID: 19882314, guid: 965716b1b5cefa948bbf456c7b433186, type: 3}
      propertyPath: InitialModule.startSizeZ.minMaxState
      value: 3
      objectReference: {fileID: 0}
    m_RemovedComponents: []
  m_SourcePrefab: {fileID: 100100000, guid: 965716b1b5cefa948bbf456c7b433186, type: 3}
--- !u!4 &2832559173776880591 stripped
Transform:
  m_CorrespondingSourceObject: {fileID: 493306, guid: 965716b1b5cefa948bbf456c7b433186,
    type: 3}
  m_PrefabInstance: {fileID: 2832559173776520501}
  m_PrefabAsset: {fileID: 0}
--- !u!1001 &6485049416111189159
PrefabInstance:
  m_ObjectHideFlags: 0
  serializedVersion: 2
  m_Modification:
    m_TransformParent: {fileID: 254876397083120813}
    m_Modifications:
    - target: {fileID: 1594449160331678, guid: 86bf5ea41080346548038b8102b367d0, type: 3}
      propertyPath: m_Name
      value: VfxBoltLightning
      objectReference: {fileID: 0}
    - target: {fileID: 1594449160331678, guid: 86bf5ea41080346548038b8102b367d0, type: 3}
      propertyPath: m_TagString
      value: Fireball
      objectReference: {fileID: 0}
    - target: {fileID: 4581874830690176, guid: 86bf5ea41080346548038b8102b367d0, type: 3}
      propertyPath: m_LocalPosition.x
      value: 0
      objectReference: {fileID: 0}
    - target: {fileID: 4581874830690176, guid: 86bf5ea41080346548038b8102b367d0, type: 3}
      propertyPath: m_LocalPosition.y
      value: 0
      objectReference: {fileID: 0}
    - target: {fileID: 4581874830690176, guid: 86bf5ea41080346548038b8102b367d0, type: 3}
      propertyPath: m_LocalPosition.z
      value: 0
      objectReference: {fileID: 0}
    - target: {fileID: 4581874830690176, guid: 86bf5ea41080346548038b8102b367d0, type: 3}
      propertyPath: m_LocalRotation.x
      value: 0
      objectReference: {fileID: 0}
    - target: {fileID: 4581874830690176, guid: 86bf5ea41080346548038b8102b367d0, type: 3}
      propertyPath: m_LocalRotation.y
      value: 0
      objectReference: {fileID: 0}
    - target: {fileID: 4581874830690176, guid: 86bf5ea41080346548038b8102b367d0, type: 3}
      propertyPath: m_LocalRotation.z
      value: 0
      objectReference: {fileID: 0}
    - target: {fileID: 4581874830690176, guid: 86bf5ea41080346548038b8102b367d0, type: 3}
      propertyPath: m_LocalRotation.w
      value: 1
      objectReference: {fileID: 0}
    - target: {fileID: 4581874830690176, guid: 86bf5ea41080346548038b8102b367d0, type: 3}
      propertyPath: m_RootOrder
      value: 2
      objectReference: {fileID: 0}
    - target: {fileID: 4581874830690176, guid: 86bf5ea41080346548038b8102b367d0, type: 3}
      propertyPath: m_LocalEulerAnglesHint.x
      value: 0
      objectReference: {fileID: 0}
    - target: {fileID: 4581874830690176, guid: 86bf5ea41080346548038b8102b367d0, type: 3}
      propertyPath: m_LocalEulerAnglesHint.y
      value: 0
      objectReference: {fileID: 0}
    - target: {fileID: 4581874830690176, guid: 86bf5ea41080346548038b8102b367d0, type: 3}
      propertyPath: m_LocalEulerAnglesHint.z
      value: 0
      objectReference: {fileID: 0}
    - target: {fileID: 198952140268421598, guid: 86bf5ea41080346548038b8102b367d0,
        type: 3}
      propertyPath: EmissionModule.rateOverTime.scalar
      value: 2
      objectReference: {fileID: 0}
    - target: {fileID: 198650478005094412, guid: 86bf5ea41080346548038b8102b367d0,
        type: 3}
      propertyPath: UVModule.flipV
      value: 0
      objectReference: {fileID: 0}
    - target: {fileID: 199277456488187352, guid: 86bf5ea41080346548038b8102b367d0,
        type: 3}
      propertyPath: m_Materials.Array.data[0]
      value: 
      objectReference: {fileID: 2100000, guid: 09864c04d81b843f99ef195bf0bdab05, type: 2}
    - target: {fileID: 199190705690622082, guid: 86bf5ea41080346548038b8102b367d0,
        type: 3}
      propertyPath: m_Flip.y
      value: 1
      objectReference: {fileID: 0}
    m_RemovedComponents: []
  m_SourcePrefab: {fileID: 100100000, guid: 86bf5ea41080346548038b8102b367d0, type: 3}
--- !u!4 &6480610755406801703 stripped
Transform:
  m_CorrespondingSourceObject: {fileID: 4581874830690176, guid: 86bf5ea41080346548038b8102b367d0,
    type: 3}
  m_PrefabInstance: {fileID: 6485049416111189159}
  m_PrefabAsset: {fileID: 0}
